@misc{default, 
    title={Default Title},
    url={default},
    author={Default Author},
} 
