@misc{example
    ,author = {Author, A.}
    ,title = {Title}
    ,year = {2015}
    ,note = {Note}
}